@article {olap,
    author = "Limongelli, C. and Sciarrone, F. and Starace, P. and Temperini, M.",
    journal = {Information Systems Management},
    year = {2010},
    title = {An Ontology-Driven OLAP System to Help Teachers in the Analysis of Web Learning Object Repositories},
}

@article {usecasebased,
    author = "Quemada, J. and Simon, B.",
    journal = {Educational Technology \& Society},
    year = {2003},
    title = {A Use-Case Based Model for Learning Resources in Educational Mediators},
}

@inProceedings{hierarchy,
    author = "Mencke, S. and Dumke R.",
    year = {2007},
    booktitle = "Conference ICL2007, September 26 -28, 2007, Villach : Austria (2007)",
    title = {A Hierarchy of Ontologies for Didactics-Enhanced E-learning}
}

@article{xd,
    author = "Presutti, V. and Daga, E. and Gangemi, A. and Blomqvist, E.",
    year = {2009},
    title = {eXtreme Design with Content Ontology Design Patterns},
    journal = {WOP}
}

@article{neon,
    author = "Su치rez-Figureoa, M. and Asunci칩n, G. and Fern치ndez-L칩pez, M.",
    year = {2015},
    title = {The NeOn Methodology framework: A scenario-based methodology for ontology development},
    journal = {Applied Ontology},
    pages = {107-145},
    volume = 10
}

@MISC{sqlvsqparql,
    author = "Polikoff, I.",
    title = "Comparing SPARQL with SQL",
    url = "https://www.topquadrant.com/comparing-sparql-with-sql/",
    addendum = "(accessed: 03.05.2022)",
}

@MISC{destandaard,
    author = "Grymonprez, S. and Maenhout, K.",
    title = "Een monopolie is niet gezond, zelfs dat van Smartschool niet",
    editor = "standaard.be",
    month = "August",
    year = "2020",
    url = "https://www.standaard.be/cnt/dmf20200825_97639394",
    addendum = "(accessed: 03.05.2022)"
}

@MISC{pubelo,
    author = "Sloep, P. and Benneker, F. and Gorissen, P.",
    title = "Voorstel van Vlaams metadataprofiel gebaseerd op IEEE-LOM",
    editor = "normcomissie Leertechnologie",
    url = "http://edutab.test.iminds.be/specs/pubelo/pubelo.html",
    addendum = "(accessed: 03.05.2022)"
}

@MISC{pubelovoc,
    key = "Pubelo voc",
    url = "http://edutab.test.iminds.be/specs/pubelo/voc.html",
    editor = "KNoWS"
}

@MISC{ilearnskosmos,
    key = "Ilearn skosmos",
    url = "https://ilearn.ilabt.imec.be/Skosmos/en/"
}

@online{turtle,
    author = "Beckett, D. and Berners-Lee, T. and Prud'hommeaux, E. and Carothers, G.",
    title = "RDF 1.1 Turtle",
    year = 2014,
    url = "https://www.w3.org/TR/turtle/",
    urldate = "25.02.2014",
    addendum = "(accessed: 27.05.2022)"
}

@online{sparql,
    author = "Prud'hommeaux, E. and Seaborne, A.",
    title = "SPARQL Query Language for RDF",
    year = 2008,
    url = "https://www.w3.org/TR/rdf-sparql-query/",
    urldate = "15.01.2008",
    addendum = "(accessed: 27.05.2022)"
}

@online{rdf,
    editor = "w3",
    title = "Resource Description Framework (RDF)",
    year = 2014,
    url = "https://www.w3.org/RDF/",
    urldate = "25.02.2014",
    addendum = "(accessed: 27.05.2022)"
}

@MISC{repo,
    author = "Rogissart, M.",
    title = "Representing year plannings of teachers in RDF",
    year = 2022,
    publisher = {GitHub},
    journal = {GitHub repository},
    howpusblished = {\url{https://github.com/myrepo}}
}

@MISC{ieeelom,
    publisher = {IEEE},
    year = 2020,
    title = "IEEE Standard for Learning Object Metadata",
    url = "https://standards.ieee.org/ieee/1484.12.1/7699/"
}

@MISC{schema,
    publisher = {Schema.org},
    editor = "Schema.org",
    year = 2022,
    urldate = "17.03.2022",
    url = "https://www.schema.org/"
}

@MISC{dc,
    publisher = {Dublin Core},
    editor = "Dublin Core",
    year = 2022,
    urldate = "28.05.2022",
    url = "https://www.dublincore.org/specifications/"
}

@MISC{bibo,
    author = "Taylor, D.",
    publisher = "Structured Dyanmics",
    year = 2018,
    url = "https://github.com/structureddynamics/Bibliographic-Ontology-BIBO/blob/master/bibo.owl"
}

@MISC{dcterms,
    editor = "DCMI Usage Board",
    publishcer = "Dublin Core",
    year = 2020,
    url = "https://www.dublincore.org/specifications/dublin-core/dcmi-terms/"
}

@article {dida,
    author = "Chimalakonda, S. and Kesav, N.",
    journal = {International Journal of Artificial Intelligence in Education},
    publisher = "Springer",
    year = {2017},
    title = {An Ontology Based Modelling Framework for Disgn of Educational Technologies},
}